@article{caldara,
author = {Caldara, Dario and Iacoviello, Matteo},
Title = {Measuring Geopolitical Risk},
Journal = {American Economic Review},
Volume = {112},
Number = {4},
Year = {2022},
Month = {April},
Pages = {1194–1225},
DOI = {10.1257/aer.20191823},
URL = {https://www.aeaweb.org/articles?id=10.1257/aer.20191823}}

@mastersthesis{lau,
title ={地緣政治風險如何影響台灣投資中國的上市公司股價},
author ={劉禹彤},
journal ={國立臺灣大學經濟學系學位論文},
number ={2024年},
year ={2024},
month ={Jan},
language ={英文},
school ={國立臺灣大學},
DOI ={10.6342/NTU202403563},
}
